%%% ==================================================================================
%%% BibTeX-file{
%%%     author          = "Quinlan, James",
%%%     version         = "1.01",
%%%     date            = "31 Dec 2024",
%%%     keywords        = "Topics in Computer Science"
%%%     AMS             = "68xx"
%%%     }
%%% See https://www.bibtex.com/format/ 
%%% ==================================================================================


% A
% ------------------------------------------------------------------------------------
@article{al2006lu,
  title		= {{LU}-decomposition with iterative refinement for solving sparse linear systems},
  author	= {Al-Kurdi, Ahmad and Kincaid, David R},
  journal	= {Journal of computational and applied mathematics},
  volume	= {185},
  number	= {2},
  pages		= {391--403},
  year		= {2006},
  publisher	= {Elsevier}
}	

% B
% ------------------------------------------------------------------------------------
@book{bapat2010graphs,
  title		= {Graphs and matrices},
  author	= {Bapat, Ravindra B},
  volume	= {27},
  year		= {2010},
  publisher	= {Springer}
}
% C
% ------------------------------------------------------------------------------------
@article{kingma2014adam,
  title   = {Adam: A Method for Stochastic Optimization},
  author  = {Diederik P. Kingma and Jimmy Ba},
  journal = {arXiv preprint arXiv:1412.6980},
  year    = {2014},
  url     = {https://arxiv.org/abs/1412.6980}
}
% D
% ------------------------------------------------------------------------------------
@techreport{rosenblatt1958perceptron,
  title       = {The Perceptron: A Probabilistic Model for Information Storage and Organization in the Brain},
  author      = {Rosenblatt, Frank},
  institution = {Cornell Aeronautical Laboratory},
  year        = {1958},
  url         = {https://blogs.umass.edu/brain-wars/files/2016/03/rosenblatt-1957.pdf}
}
% E
% ------------------------------------------------------------------------------------
@book{vapnik1998statistical,
  title     = {Statistical Learning Theory},
  author    = {Vapnik, Vladimir N.},
  year      = {1998},
  publisher = {Wiley}
}
% F
% ------------------------------------------------------------------------------------
@article{scholkopf2002learning,
  title   = {Learning with Kernels: Support Vector Machines, Regularization, Optimization, and Beyond},
  author  = {Sch{\"o}lkopf, Bernhard and Smola, Alexander J.},
  journal = {MIT Press},
  year    = {2002}
}
% G
% ------------------------------------------------------------------------------------
@inproceedings{guo2003knn,
  title={KNN model-based approach in classification},
  author={Guo, Gongde and Wang, Hui and Bell, David and Bi, Yaxin and Greer, Kieran},
  booktitle={On The Move to Meaningful Internet Systems 2003: CoopIS, DOA, and ODBASE: OTM Confederated International Conferences, CoopIS, DOA, and ODBASE 2003, Catania, Sicily, Italy, November 3-7, 2003. Proceedings},
  pages={986--996},
  year={2003},
  organization={Springer}
}
@book{goodfellow2016deep,
  title={Deep Learning},
  author={Goodfellow, Ian and Bengio, Yoshua and Courville, Aaron},
  year={2016},
  publisher={MIT Press}
}
